<?xml version="1.0" encoding="UTF-8"?><collection xmlns="http://www.loc.gov/MARC21/slim"><record><leader>00557nam--2200181-i-4500</leader><controlfield tag="001">000014018</controlfield><controlfield tag="002">20161230</controlfield><controlfield tag="005">20161230201030</controlfield><controlfield tag="008">060222s1000------------r-----000-0-eng-d</controlfield><datafield ind1=" " ind2=" " tag="040"><subfield code="a">IFIN-HH</subfield></datafield><datafield ind1=" " ind2=" " tag="080"><subfield code="a">51(030.3)</subfield></datafield><datafield ind1="1" ind2=" " tag="100"><subfield code="a">Postelnicu, Viorica</subfield></datafield><datafield ind1="1" ind2="0" tag="245"><subfield code="a">Mica enciclopedie matematica</subfield><subfield code="b">Traducere dupa lucrarea in limba germana kleine enzyklopedie der mathematik</subfield><subfield code="c">Viorica postelnicu, silvia coatu</subfield></datafield><datafield ind1=" " ind2=" " tag="260"><subfield code="a">Bucuresti</subfield><subfield code="b">Editura Tehnica</subfield><subfield code="c">1980</subfield></datafield><datafield ind1=" " ind2=" " tag="300"><subfield code="a">926 P</subfield></datafield><datafield ind1="1" ind2=" " tag="700"><subfield code="a">Coatu, Silvia</subfield></datafield><datafield ind1=" " ind2=" " tag="852"><subfield code="a">D.569</subfield><subfield code="c">SLG</subfield></datafield><datafield ind1=" " ind2=" " tag="CAT"><subfield code="a">Sys</subfield><subfield code="c">20130212</subfield><subfield code="h">115133</subfield></datafield></record></collection>